<record><leader>00000cas a22000007a 4500</leader><controlfield tag="001">26335234</controlfield><controlfield tag="008">920805d192219uuwyuwr ne      0    0eng d</controlfield><datafield ind1=" " ind2=" " tag="010"><subfield code="a">sn 92067150 </subfield></datafield><datafield ind1=" " ind2=" " tag="040"><subfield code="a">NVO</subfield><subfield code="b">eng</subfield><subfield code="c">NVO</subfield><subfield code="d">OCLCQ</subfield></datafield><datafield ind1=" " ind2=" " tag="042"><subfield code="a">msc</subfield></datafield><datafield ind1="0" ind2="0" tag="245"><subfield code="a">Salt Creek gusher.</subfield></datafield><datafield ind1=" " ind2=" " tag="260"><subfield code="a">Salt Creek, Wyo. :</subfield><subfield code="b">[s.n.]</subfield></datafield><datafield ind1=" " ind2=" " tag="300"><subfield code="a">v.</subfield></datafield><datafield ind1=" " ind2=" " tag="310"><subfield code="a">Weekly</subfield></datafield><datafield ind1="1" ind2=" " tag="362"><subfield code="a">Began in 1922.</subfield><subfield code="z">Cf. Homsher, L. Guide to Wyoming newspapers, 1867-1967.</subfield></datafield><datafield ind1=" " ind2=" " tag="588"><subfield code="a">Description based on: Vol. 4, no. 30 (Jan. 1, 1926).</subfield></datafield><datafield ind1=" " ind2="4" tag="651"><subfield code="a">Salt Creek (Wyo.)</subfield><subfield code="v">Newspapers.</subfield></datafield><datafield ind1=" " ind2="4" tag="651"><subfield code="a">Natrona County (Wyo.)</subfield><subfield code="v">Newspapers.</subfield></datafield><datafield ind1=" " ind2=" " tag="752"><subfield code="a">United States</subfield><subfield code="b">Wyoming</subfield><subfield code="c">Natrona</subfield><subfield code="d">Salt Creek.</subfield></datafield></record>